@article{KokTaq97,
author = {Kokoszka, P.S. and Taqqu, M.S.},
year = {1997},
pages = {21--40},
title = {The asymptotic behavior of quadratic forms in heavy-tailed strongly dependent random variables},
volume = {66},
issue = {1},
journal = {Stochastic Processes and their Applications}
}

@article{cyclo5,
	author = "You, Guo-hong and Qiu, Tian-shuang and Song, Ai-min",
	title = "Novel Direction Findings for Cyclostationary Signals in Impulsive Noise Environments",
	journal = "Circuits, Systems, and Signal Processing",
	year = "2013",
	volume = "32",
	number = "6",
	pages = "2939--2956"
}

@article{cyclo6,
	title = "A novel {DOA} estimation algorithm of cyclostationary signal based on UCA in impulsive noise",
	journal = "AEU - International Journal of Electronics and Communications",
	volume = "67",
	number = "6",
	pages = "491--499",
	year = "2013",
	author = "You, Guo-hong and Qiu, Tian-shuang and Yang, Jiao"
}

@book{multi12,
	author = {Jondeau, Eric and Poon, Ser-Huang and Rockinger, Michael},
	publisher = {London: Springer},
	series = {Springer Finance},
	title = {Financial modeling under non-{G}aussian distributions},
	year = {2007}
}

@article{multi11,
	title = "A non-{G}aussian multivariate distribution with all lower-dimensional {G}aussians and related families",
	journal = "Journal of Multivariate Analysis",
	volume = "132",
	pages = "82--93",
	year = "2014",
	author = "Subhajit Dutta and Marc G. Genton"
}

@book{weron,
	author = {Janicki, A. and Weron, A.},
	publisher = {New York: Marcel Dekker},
	title = {Simulation and Chaotic Behavior of Stable Stochastic Processes},
	year = {1994}
}

@book{non_gauss,
	editor = {Edward J. Wegman and Stuart C. Schwartz and John B. Thomas},
	publisher = {New York: Springer},
	title = {Topics in Non-Gaussian Signal Processing},
	year = {1989}
}

@book{BerFen13,
	title = {Long-Memory Processes: Probabilistic Properties and Statistical Methods},
	author = {Jan Beran and Yuanhua Feng and Sucharita Ghosh and Rafal Kulik},
	publisher ={London: Springer},
	year = {2013}
}

@book{Dou18,
	title = {Stochastic Models for Time Series},
	author = {P. Doukhan},
	publisher ={Springer},
	year = {2018}
}

@article{nw1,
	author = {J. Nowicka-Zagrajek and A. Wy{\l}oma{\'n}ska},
	title = {Measures of Dependence for Stable {AR}(1) Models with Time-Varying Coefficients},
	journal = {Stochastic Models},
	volume = {24},
	number = {1},
	pages = {58--70},
	year  = {2008}
}
@article{kuba1,
	author = {Obuchowski, Jakub and Wy{\l}oma{\'n}ska, Agnieszka},
	title = {The {O}rnstein-{U}hlenbeck process with non-{G}aussian structure},
	journal = {Acta Physica Polonica B},
	volume = {44},
	number = {5},
	pages = {1123-1136},
	year  = {2013}
}

@article{carma1,
	author = {Agnieszka Wy{\l}oma{\'n}ska},
	year = {2015},
	pages = {189--206},
	title = {The dependence structure for symmetric $\alpha$-stable {CARMA}(p,q) processes},
	journal = {Applied Condition Monitoring, Cyclostationarity: Theory and Methods - II}
}

@article{carma2,
	author = {Janusz Gajda and Agnieszka Wy{\l}oma{\'n}ska and Radoslaw Zimroz},
	title = {Subordinated continuous-time {AR} processes and their application to modeling behavior of mechanical system},
	journal = {Physica A},
	volume = {464},
	number = {15},
	pages = {123--137},
	year  = {2016}
}

@article{carma3,
	author = {Wy{\l}oma{\'n}ska, Agnieszka and Gajda, Janusz},
	title = {Stable continuous-time autoregressive process driven by stable subordinator},
	journal = {Physica A},
	volume = {444},
	number = {15},
	pages = {1012--1026},
	year  = {2016}
}

@article{carma4,
	author = {Wy{\l}oma{\'n}ska, Agnieszka},
	title = {Measures of dependence for {O}rnstein-{U}hlenbeck process with tempered stable distribution},
	journal = {Acta Physica Polonica B},
	volume = {42},
	number = {10},
	pages = {2049--2062},
	year  = {2011}
}

@article{physica,
	author = {Kruczek, Piotr and Wy{\l}oma{\'n}ska, Agnieszka and Teuerle, Marek and Gajda, Janusz},
	title = {The modified {Y}ule-{W}alker method for alpha-stable time series models},
	journal = {Physica A},
	volume = {469},
	pages = {588â€“-603},
	year  = {2017}
}

@article{sub1,
	author = {Kumar, Arun and Gajda, Janusz and Wy{\l}oma{\'n}ska, Agnieszka},
	title = {Stable {L}{\'e}vy Process Delayed by Tempered Stable Subordinator},
	journal = {Statistics and Probability Letters},
	volume = {145},
	pages = {284--292},
	year  = {2019}
}

@article{sub2,
	author = {Gajda, Janusz and Wy{\l}oma{\'n}ska, Agnieszka and Kumar, Arun},
	title = {Fractional {L}{\'e}vy stable motion time-changed by gamma subordinator},
	journal = {Communications in Statistics - Theory and Methods},
    pages = {1--16},
	year  = {2018}
}

@article{sub3,
	author = {A. Kumar and N. S. Upadhye and A. Wy{\l}oma{\'n}ska and J. Gajda},
	title = {Tempered {M}ittag-{L}effler {L}{\'e}vy processes},
	journal = {Communications in Statistics - Theory and Methods},
	pages = {1-16},
	year  = {2017}	
}

@article{sub4,
	author = {A. Kumar and A. Wy{\l}oma{\'n}ska and J. Gajda},
	title = {Stable {L}{\'e}vy motion with inverse {G}aussian subordinator},
	journal = {Physica A},
	volume = {482},
	pages = {486-500},
	year  = {2017}	
}

@article{sub5,
	year = 2013,
	number = {5},
	pages = {P05016},
	author = {Marek Teuerle and Agnieszka Wy{\l}oma{\'{n}}ska and Grzegorz Sikora},
	title = {Modeling anomalous diffusion by a subordinated fractional {L}{\'{e}}vy-stable process},
	journal = {Journal of Statistical Mechanics: Theory and Experiment}
}

@article{bielak,
	year = 2018,
	author = {G. Sikora and {\L}. Bielak and A. Michalak and P. Mi{\'s}ta and A. Wy{\l}oma{\'{n}}ska},
	title = {Stochastic modelling of currency exchange rates with novel validation techniques},
	journal = {accepted}
}


@article{marek,
	year = 2018,
	author = {Jab{\l}o{\'n}ska, Matylda and Teuerle, Marek and Wy{\l}oma{\'{n}}ska Agnieszka},
	title = {Bivariate sub-{G}aussian model for stock indices returns},
	journal = {Physica A},
	volume = {486},
	issue = {15},
	pages = {628--637},
	year = {2017}
}

@article{marek1,
	author = {{\.Z}ak, Grzegorz and Teuerle, Marek and Wy{\l}oma{\'{n}}ska, Agnieszka and Zimroz, Rados{\l}aw},
	title = {Measures of dependence for alpha-stable distributed processes and its application to diagnostics of local damage in presence of impulsive noise},
	journal = {Shock and Vibration},
	volume = {2017},
	pages = {9 pages},
	year = {2017}
}

@article{zak1,
	author = {{\.Z}ak, Grzegorz and Wy{\l}oma{\'{n}}ska, Agnieszka and Zimroz, Rados{\l}aw},
	title = {Periodically impulsive behaviour detection in noisy observation based on generalised fractional order dependency map},
	journal = {Applied Acoustics},
	volume = {144},
	pages = {31--39},
	year = {2019}
}

@article{piotr2,
	author = {Kruczek, Piotr and Obuchowski, Jakub and Wy{\l}oma{\'{n}}ska, Agnieszka and Zimroz, Rados{\l}aw},
	title = {Multiple local damage detection in gearbox by novel coherent bi-frequency map and its spatial, cycle oriented enhancement},
	journal = {Applied Acoustics},
	volume = {144},
	pages = {23--30},
	year = {2019}
}

@article{zak2,
	author = {{\.Z}ak, Grzegorz and Wy{\l}oma{\'{n}}ska, Agnieszka and Zimroz, Rados{\l}aw},
	title = {Local damage detection method based on distribution distances applied to time-frequency map of vibration signal},
	journal = {IEEE Transactions on Industry Applications},
	volume = {54},
	issue = {5},
	pages = {4091--4103},
	year = {2018}
}

@article{zak3,
	author = {{\.Z}ak, Grzegorz and Wy{\l}oma{\'{n}}ska, Agnieszka and Zimroz, Rados{\l}aw},
	title = {Data driven iterative vibration signal enhancement strategy using alpha-stable distribution},
	journal = {Shock and Vibration 2017},
	volume = {Article ID 3698370},
	pages = {11 pages},
	year = {2017}
}

@article{piotr4,
	author = {Kruczek, Piotr and Obuchowski, Jakub and Wy{\l}oma{\'{n}}ska, Agnieszka and Zimroz, Rados{\l}aw},
	title = {Cyclic sources extraction from complex multiple-component vibration signal via periodically time varying filter},
	journal = {Applied Acoustics},
	volume = {126},
	pages = {170-181},
	year = {2017}
}

@article{tempered,
	author = {Wy{\l}oma{\'{n}}ska, Agnieszka and {\.Z}ak, Grzegorz and Kruczek, Piotr and Zimroz, Rados{\l}aw},
	title = {Application of tempered stable distribution for selection of optimal frequency band in gearbox local damage detection},
	journal = {Applied Acoustics},
	volume = {128},
	pages = {14-22},
	year = {2017}
}

@article{kuch1,
	author = {Kucharczyk, Daniel and Wy{\l}oma{\'{n}}ska, Agnieszka and Zimroz, Rados{\l}aw},
	title = {Structural break detection method based on the Adaptive Regression Splines technique},
	journal = {Physica A},
	volume = {471},
	pages = {499-511},
	year = {2017}
}
@article{zak55,
	author = {{\.Z}ak, Grzegorz and Wy{\l}oma{\'{n}}ska, Agnieszka and Zimroz, Rados{\l}aw},
	title = {Data-driven vibration signal filtering procedure based on the alpha-stable distribution},
	journal = {Journal of Vibroengineering},
	volume = {18},
	issue = {2},
	pages = {826--837},
	year = {2016}
}

@article{zak56,
	author = {{\.Z}ak, Grzegorz and Wy{\l}oma{\'{n}}ska, Agnieszka and Zimroz, Rados{\l}aw},
	title = {Application of alpha-stable distribution approach for local damage detection in rotating machines},
	journal = {Journal of Vibroengineering},
	volume = {17},
	issue = {6},
	pages = {2987--3002},
	year = {2015}
}

@article{krzysiek0,
	author = {Burnecki, Krzysztof and Wy{\l}oma{\'{n}}ska, Agnieszka and Beletskii, Aleksei and Gonchar, Vsevolod and Chechkin, Aleksei},
	title = {Recognition of stable distribution with {L}{\'e}vy index $\alpha$ close to 2},
	journal = {Physical Review E},
	volume = {85},
	pages = {056711},
	year = {2012}
}

@article{krzysiek1,
	author = {Burnecki, Krzysztof and Wy{\l}oma{\'{n}}ska, Agnieszka and Chechkin, Aleksei},
	title = {Discriminating between light- and heavy-tailed distributions with limit theorem},
	journal = {PLoS ONE},
	volume = {10},
	issue = {12},
	pages = {e0145604},
	year = {2015}
}

@article{iskander,
	year = {2019},
	author = {Wy{\l}oma{\'{n}}ska, Agnieszka and Burnecki, Krzysztof and Iskander, D. Robert},
	title = {Omnibus test for normality based on the Edgeworth expansion },
	journal = {submitted}
}

@article{kuba10,
	year = {2015},
	author = {Obuchowski, Jakub and Zimroz, Rados{\l}aw and Wy{\l}oma{\'{n}}ska, Agnieszka},
	title = {Identification of cyclic components in presence of non-{G}aussian noise Â– application to crusher bearings damage detection},
	journal = {Journal of Vibroengineering},
	volume = {17},
	pages = {1242-1252}
}

@article{kuba11,
	year = {2015},
	author = {Wy{\l}oma{\'{n}}ska, Agnieszka and Obuchowski, Jakub and Zimroz, Rados{\l}aw and Hurd, Harry},
	title = {Influence of different signal characteristics to PAR model stability},
	journal = {Applied Condition Monitoring. Cyclostationarity: Theory and Methods - II},
	pages = {89--104}
}

@article{kuba12,
	author="Wy{\l}oma{\'{n}}ska, Agnieszka and Obuchowski, Jakub and Zimroz, Rados{\l}aw
	and Hurd, Harry",
	title="Periodic Autoregressive Modeling of Vibration Time Series From Planetary Gearbox Used in Bucket Wheel Excavator",
	journal = "Cyclostationarity: Theory and Methods",
	year="2014",
	pages="171--186"
}

@article{zak23,
	year = {2014},
	author = {{\.Z}ak, Grzegorz and Obuchowski, Jakub and Wy{\l}oma{\'n}ska, Agnieszka and Zimroz, Rados{\l}aw},
	title = {Application of {ARMA} modelling and alpha-stable distribution for local damage detection in bearings},
	journal = {Diagnostyka},
	volume = {15},
	issue = {3},
	pages = {3--11}
}

@article{obuchowski2014selection,
	year = {2014},
	author = {Obuchowski, Jakub and Wy{\l}oma{\'n}ska, Agnieszka and Zimroz, Rados{\l}aw},
	title = {Selection of informative frequency band in local damage detection in rotating machinery},
	journal = {Mechanical Systems and Signal Processing},
	volume = {48},
	pages = {138--152}
}

@article{sel2,
	year = {2014},
	author = {Obuchowski, Jakub and Wy{\l}oma{\'n}ska, Agnieszka and Zimroz, Rados{\l}aw},
	title = {The local maxima method for enhancement of time-frequency map and its application to local damage detection in rotating machines},
	journal = {Mechanical Systems and Signal Processing},
	volume = {46},
	pages = {389--405}
}

@article{tel1,
	author = {Middleton, David},
	year = {1999},
	pages = {1129--1149},
	title = {{Non-{G}aussian Noise Models in Signal Processing for Telecommunications: New Methods and Results for Class {A} and Class {B} Noise Models}},
	volume = {45},
	journal = {Information Theory, IEEE Transactions on}
}

@article{speech1,
	author={D. {Yellin} and E. {Weinstein}},
	journal={IEEE Transactions on Signal Processing},
	title={Criteria for multichannel signal separation},
	year={1994},
	volume={42},
	number={8},
	pages={2158--2168},
}

@article{med1,
	title = "Application of higher order statistics/spectra in biomedical signalsâ€”A review",
	journal = "Medical Engineering \& Physics",
	volume = "32",
	number = "7",
	pages = "679--689",
	year = "2010",
	author = "Chua, Kuang Chua and Chandran, Vinod and Acharya, U. Rajendra and Lim, Choo Min"
}

@book{fin1,
	author = {S. Mittnik and S. T. Rachev},
	publisher = {New York: Wiley},
	title = {Stable Paretian Models in Finance},
	year = {2000}
}

@incollection{fin2,
	title = "13 {F}inancial applications of stable distributions",
	series = "Handbook of Statistics",
	publisher = "Elsevier",
	volume = "14",
	pages = "393--425",
	year = "1996",
	booktitle = "Statistical Methods in Finance",
	author = "J. Huston McCulloch",
}

@article{phys,
	title = "Stable  Distribution  and  {L}{\'e}vy  Process  in  Fractal  Turbulence",
	journal = "Progress  of  Theoretical Physics",
	volume = "72",
	number = "3",
	pages = "471â€“479",
	year = "1984",
	author = "H. Takayasu"
}

@article{phys1,
	author = {Annibaldi, S. V. and Manfredi, G. and Dendy, R. O.},
	title = {Non-{G}aussian transport in strong plasma turbulence},
	journal = {Physics of Plasmas},
	volume = {9},
	number = {3},
	pages = {791--799},
	year = {2002}	
}

@article{el,
	author = {Nowicka-Zagrajek, J. and Weron, R.},
	title = {Modeling Electricity Loads in California: {ARMA} Models with Hyperbolic Noise},
	journal = {Signal Processing},
	volume = {82},
	number = {12},
	year = {2002},
	pages = {1903--1915}
} 

@article{geo1,
	author = {M. Blanca Palacios and Mark F. J Steel},
	title = {Non-{G}aussian {B}ayesian geostatistical modeling},
	journal = {Journal of the American Statistical Association},
	volume = {101},
	number = {474},
	pages = {604--618},
	year  = {2006}
}

@article{geo2,
	author = {L. Gosoniu and P. Vounatsou and N. Sogoba and T. Smith},
	title = {Bayesian modelling of geostatistical malaria risk data},
	journal = {Geospatial health},
	volume = {1},
	number = {1},
	pages = {127--139},
	year  = {2006}
}

@book{levy,
	author = {P. L{\'e}vy},
	publisher = {Paris: Gauthier-Villars},
	title = {Calcul des Probabilites},
	year = {1925}
}

@article{stuck,
	author = {J. M. Chambers and C. L. Mallows and B. W. Stuck},
	journal = {Journal of the American Statistical Association},
	number = {354},
	pages = {340--344},
	title = {A Method for Simulating Stable Random Variables},
	volume = {71},
	year = {1976}
}

@article{shao,
	author = {Shao, Min and L. Nikias, Chrysostomos},
	year = {1993},
	pages = {986--1010},
	title = {Signal processing with fractional lower order moments: Stable processes and their application},
	volume = {81},
	journal = {Proceedings of the IEEE}
}

@article{mult1,
	author = {S. James Press},
	journal = {Journal of the American Statistical Association},
	number = {340},
	pages = {842--846},
	title = {Estimation in Univariate and Multivariate Stable Distributions},
	volume = {67},
	year = {1972}
}

@incollection{mult2,
	title = "Statistical Issues in Modeling Multivariate Stable Portfolios",
	editor = "Svetlozar T. Rachev",
	booktitle = "Handbook of Heavy Tailed Distributions in Finance",
	publisher = "Amsterdam: North-Holland",
	pages = "131 -- 167",
	year = "2003",
	volume = "1",
	series = "Handbooks in Finance",
	author = "T. J. Kozubowski and A. K. Panorska and S. T. Rachev",
}

@article{mult3,
	author = {J. P. Nolan  and  A. K. Panorska},
	title = {Data analysis for heavy tailed multivariate samples},
	journal = {Communications in Statistics. Stochastic Models},
	volume = {13},
	number = {4},
	pages = {687--702},
	year  = {1997},
	publisher = {Taylor \& Francis}
}

@article{mult4,
	title = {Properties of certain symmetric stable distributions},
	journal = {Journal of Multivariate Analysis},
	volume = {8},
	number = {3},
	pages = {346--360},
	year = {1978},
	author = {G. Miller}
}

@article{special_issue,
	journal = {Signal Processing},
	author =  {E. E. Kuruoglu},
	year = {2002},
	volume = {82},
	number = {12},
	title = {Signal processing with heavy-tailed models}
} 

@article{est1,
	author={A. Swami and B. Sadler},
	journal={IEEE Signal Processing Letters},
	title={Parameter estimation for linear alpha-stable processes},
	year={1998},
	volume={5},
	number={2},
	pages={48--50}
}

@article{est2,
	author={C. M. Gallagher},
	journal={Statistics \& Probability Letter},
	title={A method for fitting stable autoregressive models using
	the autocovariation function},
	year={2001},
	volume={53},
	pages={381--390}
}

@article{mik,
	author = {Thomas Mikosch and Tamar Gadrich and Claudia Kluppelberg and Robert J. Adler},
	journal = {The Annals of Statistics},
	number = {1},
	pages = {305--326},
	title = {Parameter Estimation for {ARMA} Models with Infinite Variance Innovations},
	volume = {23},
	year = {1995}
}

@article{kokoszka,
	author = {Kokoszka, Piotr S. and Taqqu, Murad S.},
	title = {INFINITE VARIANCE STABLE {ARMA} PROCESSES},
	journal = {Journal of Time Series Analysis},
	volume = {15},
	number = {2},
	pages = {203--220},
	year = {1994}
}

@article{est3,
	title = "Estimating the spectral measure of a multivariate stable distribution via spherical harmonic analysis",
	journal = "Journal of Multivariate Analysis",
	volume = "87",
	number = "2",
	pages = "219--240",
	year = "2003",
	author = "M. Pivato and L. Seco"
}

@Article{est4,
	author="Davydov, Yu. and Paulauskas, V.",
	title="On the Estimation of the Parameters of Multivariate Stable Distributions",
	journal="Acta Applicandae Mathematica",
	year="1999",
	volume="58",
	number="1",
	pages="107--124"
}


@Article{broc1,
	author="Brockwell, P. J.",
	title="L{\'e}vy-Driven {CARMA} Processes",
	journal="Annals of the Institute of Statistical Mathematics",
	year="2001",
	volume="53",
	number="1",
	pages="113--124"
}

@article{broc2,
	author = {Peter J. Brockwell and Richard A. Davis and Yu Yang},
	journal = {Journal of Business \& Economic Statistics},
	number = {2},
	pages = {250--259},
	publisher = {American Statistical Association},
	title = {Estimation for Non-Negative {L}{\'e}vy-Driven {CARMA} Processes},
	volume = {29},
	year = {2011}
}

@article{asia,
	title = "Subordinated $\alpha$-stable {O}rnstein-{U}hlenbeck process as a tool for financial data description",
	journal = "Physica A: Statistical Mechanics and its Applications",
	volume = "390",
	number = "23",
	pages = "4379--4387",
	year = "2011",
	author = "Joanna Janczura and Sebastian Orze{\l} and Agnieszka Wy{\l}oma{\'n}ska"
}

@book{gardner,
	editor = {W.A. Gardner},
	publisher = {New York: IEEE Press},
	title = { Cyclostationarity  in  Communications  and  Signal  Processing},
	year = {1994}
}

@article{cyclo000,
	title = "An approach to modeling seasonally stationary time series",
	journal = "Journal of Econometrics",
	volume = "9",
	number = "1",
	pages = "137--153",
	year = "1979",
	author = "Emanuel Parzen and Marcello Pagano"
}

@article{cyclo1,
	author = {Drake, Christiana and Le{\'s}kow, Jacek and Medina Garay, Aldo William},
	year = {2015},
	pages = {179--187},
	title = {Imputation of Missing Observations for Heavy Tailed Cyclostationary Time Series},
	volume = {3},
	journal = {Applied Condition Monitoring}
}

@article{cyclo2,
	author = {Luan, Shengyang and Qiu, Tianshuang and Zhu, Yongjie and Yu, Ling},
	year = {2015},
	title = {Cyclic correntropy and its spectrum in frequency estimation in the presence of impulsive noise},
	volume = {120},
	journal = {Signal Processing},
	pages={503--508}
}

@article{cyclo3,
	author = {Anderson, P., and M. Meerschaert},
	year = {1997},
	title = {Periodic moving averages or random variables with regularly varying tails},
	volume = {25},
	pages={771-785},
	journal = {The Annals of Statistics}
}

@article{cyclo4,
	title = "Improved time difference of arrival estimation algorithms for cyclostationary signals in alpha-stable impulsive noise",
	journal = "Digital Signal Processing",
	volume = "76",
	pages = "94--105",
	year = "2018",
	author = "Yang Liu and Yinghui Zhang and Tianshuang Qiu and Jing Gao and Shun Na"
}

@article{meer,
	author = {Anderson, Paul and Meerschaert, Mark},
	year = {1998},
	title = {Modeling river flows with heavy tails},
	volume = {34},
	journal = {Water Resources Research},
	pages={2271--2280}
}

@book{ola1,
	author={Helmut L{\"u}tkepohl},	
	title={Introduction to multiple time series analysis},
	year={1991},
	publisher={Berlin: Springer}
}

@article{ola2,
	author = {Primiceri, Giorgio E.},
	title = {Time Varying Structural Vector Autoregressions and Monetary Policy},
	journal = {The Review of Economic Studies},
	volume = {72},
	number = {3},
	pages = {821--852},
	year = {2005}
}

@inproceedings{ola3,
	author = {Jachan, M and Matz, Gerald},
	year = {2005},
	pages = {625--629},
	title = {Nonstationary vector {AR} modeling of wireless channels},
	volume = {2005},
	journal = {IEEE Workshop on Signal Processing Advances in Wireless Communications}
}

@article{nowicka1,
	author = {Joanna Nowicka},
	title = {Asymptotic behavior of the covariation and the codifference for {ARMA} models with stable innovations},
	journal = {Communications in Statistics. Stochastic Models},
	volume = {13},
	number = {4},
	pages = {673--685},
	year  = {1997}	
}

@article{ded2,
	author = {Dedi Rosadi},
	title = {Order identification for {G}aussian moving averages using the codifference function},
	journal = {Journal of Statistical Computation and Simulation},
	volume = {76},
	number = {6},
	pages = {553--559},
	year  = {2006}
}

@article{kokoszka2,
	title = "Fractional {ARIMA} with stable innovations",
	journal = "Stochastic Processes and their Applications",
	volume = "60",
	number = "1",
	pages = "19--47",
	year = "1995",
	author = "Piotr S. Kokoszka and Murad S. Taqqu"
}

@ARTICLE{floc1,
	author={Liu, Tsung-Hsien and {Mendel}, J. M.},
	journal={IEEE Transactions on Signal Processing},
	title={A subspace-based direction finding algorithm using fractional lower order statistics},
	year={2001},
	volume={49},
	number={8},
	pages={1605--1613}
}

@article{floc2, 
	author= {Z. Chen and X. Geng and F. Yin}, 
	title = {A Harmonic Suppression Method Based on Fractional Lower Order Statistics for Power System},
	journal = {IEEE Transactions on Industrial Electronics},
	volume = {63(6)},
	pages = {3745--3755},
	year = {2016}
}

@article{floc3,
	title = "Performance analysis of spectrum sensing schemes based on fractional lower order moments for cognitive radios in symmetric $\alpha$-stable noise environments",
	journal = "Signal Processing",
	volume = "154",
	pages = "363--374",
	year = "2019",
	author = "Valentine A. Aalo and A-Bon E. Ackie and Constantine Mukasa"
}

@book{kend3,
	author={M. Kendall and J. D. Gibbons},
	title={Rank Correlation Methods},
	publisher={Oxford: Oxford University Press},
	year={1990},
	series={Charles Griffin Book Series (5th ed.)}
}

@book{kend2,
	author={W. W. Daniel},
	title={Kendall's tau},
	publisher={Boston: PWS-Kent},
	year={1990},
	series={Applied Nonparametric Statistics (2nd ed.)},
	pages={365-377}
}

@article{wei13,
	author = {Pozzi, F and Di Matteo, Tiziana and Aste, Tomaso},
	year = {2012},
	issue = {6},
	title = {Exponential smoothing weighted correlations},
	volume = {85},
	journal = {The European Physical Journal B}
}

@article{dedi3,
	author = {Kharisudin, Iqbal and Rosadi, Dedi and Abdurakhman and Suhartono, Suhartono},
	year = {2016},
	pages = {1297--1308},
	title = {The asymptotic property of the sample generalized codifference function of stable {MA}(1)},
	volume = {99},
	journal = {Far East Journal of Mathematical Sciences}
}

@article{new1,
	author={Z. {Chen} and S. X. {Ding} and T. {Peng} and C. {Yang} and W. {Gui}},
	journal={IEEE Transactions on Industrial Electronics},
	title={Fault Detection for Non-{G}aussian Processes Using Generalized Canonical Correlation Analysis and Randomized Algorithms},
	year={2018},
	volume={65},
	number={2},
	pages={1559--1567}
}

@article{genton,
	author = {Genton, Marc and Kleiber, William},
	year = {2015},
	pages = {147â€“-163},
	issue = {2},
	title = {Cross-Covariance Functions for Multivariate Geostatistics},
	volume = {30},
	journal = {Statistical Science}
}

@article{mand,
	author = {Benoit Mandelbrot},
	journal = {International Economic Review},
	number = {2},
	pages = {79--106},
	title = {The {P}areto-{L}{\'e}vy {L}aw and the Distribution of Income},
	volume = {1},
	year = {1960}
}


@inbook{floc10,
	author="Das, Saptarshi and Pan, Indranil",
	chapter="Fractional Order Statistical Signal Processing",
	title="Fractional Order Signal Processing: Introductory Concepts and Applications",
	year="2012",
	publisher="Berlin: Springer",
	pages="83--96"
}

@inbook{wiener,
	chapter={Power spectra and Wiener's theorems}, 
	title={A Handbook of Fourier Theorems}, 
	publisher={Cambridge: Cambridge University Press},
	author={Champeney, D. C.},
	year={1987},
	pages={102--117}
}



@book{LehCas03,
	author = {E.L. Lehmann and G. Casella},
	publisher = {New York: Springer},
	title = {Theory of Point Estimation},
	year = {2003}
}

@book{RubKro16,
	author = {R.Y. Rubinstein and D.P. Kroese},
	publisher = {New Jersey: Wiley},
	title = {Simulation and the Monte Carlo Method},
	year = {2016}
}

@article{mssp1,
	title = "A new statistical modeling and detection method for rolling element bearing faults based on alphaâ€“stable distribution",
	journal = "Mechanical Systems and Signal Processing",
	volume = "41",
	number = "1",
	pages = "155 - 175",
	year = "2013",
	author = "Gang Yu and Changning Li and Jianfeng Zhang"
}


@book{Spa18,
	author = {U. Spagnolini},
	publisher = {New Jersey: John Wiley \& Sons},
	title = {Statistical signal processing in engineering},
	year = {2018}
}

@article{mssp2,
	title = "Active control of impulsive noise with symmetric $\alpha$-stable distribution based on an improved step-size normalized adaptive algorithm",
	journal = "Mechanical Systems and Signal Processing",
	volume = "56-57",
	pages = "320--339",
	year = "2015",
	author = "Yali Zhou and Qizhi Zhang and Yixin Yin"
}






@article{ou,
  title={On the theory of the {B}rownian motion},
  author={Uhlenbeck, GE},
  journal={Phys. Rev.},
  volume={36},
  pages={823},
  year={1930}
}

@article{Vasicek,
  title={An equilibrium characterization of the term structure},
  author={Vasicek, Oldrich},
  journal={Journal of {F}inancial {E}conomics},
  volume={5},
  number={2},
  pages={177--188},
  year={1977},
  publisher={Elsevier}
}

@incollection{rweron,
  title={Models for heavy-tailed asset returns},
  author={Borak, Szymon and Misiorek, Adam and Weron, Rafa{\l}},
  booktitle={Statistical Tools for Finance and Insurance},
  pages={21--55},
  year={2011},
  publisher={Springer}
}

@article{Cha92,
  title={An empirical comparison of alternative models of the short-term interest rate},
  author={Chan, Kalok C and Karolyi, G Andrew and Longstaff, Francis A and Sanders, Anthony B},
  journal={The Journal of Finance},
  volume={47},
  number={3},
  pages={1209--1227 \color{red}},
  year={1992},
  publisher={Wiley Online Library}
}

@article{Tan11,
  title={Fast approximations of bond option prices under {CKLS} models},
  author={Tangman, DY and Thakoor, N and Dookhitram, K and Bhuruth, M},
  journal={Finance Research Letters},
  volume={8},
  number={4},
  pages={206--212},
  year={2011},
  publisher={Elsevier}
}

@article{Now05,
  title={Derivative prices from interest rate models: results for {C}anada, {H}ong {K}ong, and {U}nited {S}tates},
  author={Nowman, K Ben and Sorwar, Ghulam},
  journal={International Review of Financial Analysis},
  volume={14},
  number={4},
  pages={428--438},
  year={2005},
  publisher={Elsevier}
}

@article{Che96,
  title={{S}tochastic {M}ean and {S}tochastic {V}olatility -- {A} {T}hree-{F}actor {M}odel of the {T}erm {S}tructure of {I}nterest {R}ates and {I}ts {A}pplication to the {P}ricing of {I}nterest {R}ate {D}erivatives},
  author={Chen, L.},
  journal={Financial Markets, Institutions \& Instruments},
  volume={5},
  pages={1--88},
  year={1996},
}

@article{Tun17,
  title={Gaussian estimation and forecasting of the {UK} yield curve with multi-factor continuous-time models},
  author={Tunaru, Diana},
  journal={International Review of Financial Analysis},
  volume={52},
  pages={119--129},
  year={2017},
  publisher={Elsevier}
}

@article{Chr10,
  title={Mean reversion in {US} and international short rates},
  author={Christiansen, Charlotte},
  journal={The North American Journal of Economics and Finance},
  volume={21},
  number={3},
  pages={286--296},
  year={2010},
  publisher={Elsevier}
}

@book{Rom17,
  title={Analytical {F}inance: {V}olume {II}: {T}he {M}athematics of {I}nterest {R}ate {D}erivatives, {M}arkets, {R}isk and {V}aluation},
  author={R{\"o}man, Jan RM},
  year={2017},
  publisher={Springer}
}

@article{Han82,
  title={Large sample properties of generalized method of moments estimators},
  author={Hansen, Lars Peter},
  journal={Econometrica: Journal of the Econometric Society},
  pages={1029--1054},
  year={1982},
  publisher={JSTOR}
}

@article{Hwa18,
  title={Should we go one step further? {A}n accurate comparison of one-step and two-step procedures in a generalized method of moments framework},
  author={Hwang, Jungbin and Sun, Yixiao},
  journal={Journal of Econometrics},
  volume={207},
  number={2},
  pages={381--405},
  year={2018},
  publisher={Elsevier}
}

@article{Li16,
  title={On oracle property and asymptotic validity of {B}ayesian generalized method of moments},
  author={Li, Cheng and Jiang, Wenxin},
  journal={Journal of Multivariate Analysis},
  volume={145},
  pages={132--147},
  year={2016},
  publisher={Elsevier}
}

@article{Liu17,
  title={Generalized {M}ethod of {M}oment estimation of multivariate multifractal models},
  author={Liu, Ruipeng and Lux, Thomas},
  journal={Economic Modelling},
  volume={67},
  pages={136--148},
  year={2017},
  publisher={Elsevier}
}

@article{Fan15,
  title={Combining global {M}almquist--{L}uenberger index and generalized method of moments to investigate industrial total factor {CO2} emission performance: a case of {S}hanghai ({C}hina)},
  author={Fan, Meiting and Shao, Shuai and Yang, Lili},
  journal={Energy Policy},
  volume={79},
  pages={189--201},
  year={2015},
  publisher={Elsevier}
}

@article{Akb16,
  title={More on the relationship between corporate governance and firm performance in the {UK}: {E}vidence from the application of generalized method of moments estimation},
  author={Akbar, Saeed and Poletti-Hughes, Jannine and El-Faitouri, Ramadan and Shah, Syed Zulfiqar Ali},
  journal={Research in International Business and Finance},
  volume={38},
  pages={417--429},
  year={2016},
  publisher={Elsevier}
}

@article{Par11,
  title={Generalized method of moments estimation for cointegrated vector autoregressive models},
  author={Park, Suk K and Ahn, Sung K and Cho, Sinsup},
  journal={Computational Statistics \& Data Analysis},
  volume={55},
  number={9},
  pages={2605--2618},
  year={2011},
  publisher={Elsevier}
}

@article{Cas11,
  title={A generalized method of moments for closed queueing networks},
  author={Casale, Giuliano},
  journal={Performance Evaluation},
  volume={68},
  number={2},
  pages={180--200},
  year={2011},
  publisher={Elsevier}
}

@article{Son12,
  title={Joint estimation of the lognormal-{R}ician atmospheric turbulence model by the generalized method of moments},
  author={Song, Xuegui and Cheng, Julian},
  journal={Optics Communications},
  volume={285},
  number={24},
  pages={4727--4732},
  year={2012},
  publisher={Elsevier}
}

@article{Ben16,
  title={Highly flexible distributions to fit multiple frequency financial returns},
  author={BenSa{\"\i}da, Ahmed and Slim, Skander},
  journal={Physica A: Statistical Mechanics and its Applications},
  volume={442},
  pages={203--213},
  year={2016},
  publisher={Elsevier}
}

@article{Ben18,
  title={Value-at-{R}isk under market shifts through highly flexible models},
  author={BenSa{\"\i}da, Ahmed and Boubaker, Sabri and Nguyen, Duc Khuong and Slim, Skander},
  journal={Journal of Forecasting},
  volume={37},
  number={8},
  pages={790--804},
  year={2018},
  publisher={Wiley Online Library}
}


@article{Sli17,
  title={Value-at-{R}isk under {L}{\'e}vy {GARCH} models: {E}vidence from global stock markets},
  author={Slim, Skander and Koubaa, Yosra and Bensaida, Ahmed},
  journal={Journal of International Financial Markets, Institutions and Money},
  volume={46},
  pages={30--53},
  year={2017},
  publisher={Elsevier}
}

@article{The98,
  title={Financial data and the skewed generalized t distribution},
  author={Theodossiou, Panayiotis},
  journal={Management Science},
  volume={44},
  number={12-part-1},
  pages={1650--1661},
  year={1998},
  publisher={INFORMS}
}

@incollection{ross,
title = "Brownian {M}otion and {S}tationary {P}rocesses",
booktitle = "Introduction to Probability Models",
publisher = "Academic Press",
address = "Boston",
pages = "607 - 644",
year = "2014",
author = "Sheldon Ross"
}

@article{Han07,
  title={Some flexible parametric models for partially adaptive estimators of econometric models},
  author={Hansen, Christian and McDonald, James and Theodossiou, Panayiotis},
  journal={Economics E-Journal},
  year={2007},
  volume={1},
  number={7},
  pages={1-20}
}

@article{McD10,
  title={Robust estimation with flexible parametric distributions: estimation of utility stock betas},
  author={McDonald, James B and Michelfelder, Richard A and Theodossiou, Panayiotis},
  journal={Quantitative Finance},
  volume={10},
  number={4},
  pages={375--387},
  year={2010},
  publisher={Taylor \& Francis}
}

@article{McD09,
  title={Evaluation of {R}obust {R}egression {E}stimation {M}ethods and {I}ntercept {B}ias: {A}pplication to the {C}apital {A}sset {P}ricing {M}odel},
  author={McDonald, James B and Michelfelder, Richard A and Theodossiou, Panayiotis},
    journal={Multinational Finance Journal},
  volume={15},
  pages={293--321},
  year={2009}
}

@article{McD98,
  title={Partially adaptive estimation of regression models via the generalized t distribution},
  author={McDonald, James B and Newey, Whitney K},
  journal={Econometric Theory},
  volume={4},
  number={3},
  pages={428--457},
  year={1988},
  publisher={Cambridge University Press}
}


 @article{Han15,
  title={Method of {M}oments and {G}eneralized {M}ethod of {M}oments},
  author={Hansen, Lars P},
  year={2015},
  publisher={Elsevier},
  pages={294--301}
  }

 @book{Klo92,
  Author = {Peter E. Kloeden and Eckhard Platen},
  Title = {Numerical {S}olution of {S}tochastic {D}ifferential {E}quations},
  Publisher = {Springer},
  Year = {1992},
  Address = {Berlin}
 }
 
 @article{awar,
title = "Subordinated continuous-time {AR} processes and their application to modeling behavior of mechanical system",
  author={Gajda, Janusz and Wy{\l}oma{\'n}ska, Agnieszka and Zimroz, Rados{\l}aw},
journal = "Physica A: Statistical Mechanics and its Applications",
volume = "464",
pages = "123 - 137",
year = "2016",
issn = "0378-4371"
}

@article{awar2,
title = "Stable continuous-time autoregressive process driven by stable subordinator",
journal = "Physica A: Statistical Mechanics and its Applications",
volume = "444",
pages = "1012 - 1026",
year = "2016",
issn = "0378-4371",
author = "Agnieszka Wy{\l}oma{\'n}ska and Janusz Gajda"
}

@incollection{awar3,
  title={The {D}ependence {S}tructure for {S}ymmetric $\alpha$-stable {CARMA} (p, q) {P}rocesses},
  author={Wy{\l}oma{\'n}ska, Agnieszka},
  booktitle={Cyclostationarity: Theory and Methods-II},
  pages={189--206},
  year={2015},
  publisher={Springer}
}

@article{car1,
  title={Continuous-time {ARMA} processes},
  author={Brockwell, PJ},
  journal={Handbook of Statistics},
  volume={19},
  pages={249--276},
  year={2001},
  publisher={Elsevier}
}

@article{car2,
  title={Continuous time {ARMA} processes: discrete time representation and likelihood evaluation},
  author={Thornton, Michael A and Chambers, Marcus J},
  journal={Journal of Economic Dynamics and Control},
  volume={79},
  pages={48--65},
  year={2017},
  publisher={Elsevier}
}

@article{obuch1,
  title={The {O}rnstein--{U}hlenbeck process with non-{G}aussian structure.},
  author={Obuchowski, Jakub and Wy{\l}oma{\'n}ska, Agnieszka},
  journal={Acta Physica Polonica B},
  volume={44},
  number={5},
  year={2013}
}

@article{bro1,
  title={Recent results in the theory and applications of {CARMA} processes},
  author={Brockwell, PJ},
  journal={Annals of the Institute of Statistical Mathematics},
  volume={66},
  number={4},
  pages={647--685},
  year={2014},
  publisher={Springer}
}

@article{bro2,
  title={{L}{\'e}vy-driven {CARMA} processes},
  author={Brockwell, Peter J},
  journal={Annals of the Institute of Statistical Mathematics},
  volume={53},
  number={1},
  pages={113--124},
  year={2001},
  publisher={Springer}
}

@article{bro3,
  title={Estimation for non-negative {L}{\'e}vy-driven {CARMA} processes},
  author={Brockwell, Peter J and Davis, Richard A and Yang, Yu},
  journal={Journal of Business \& Economic Statistics},
  volume={29},
  number={2},
  pages={250--259},
  year={2011},
  publisher={Taylor \& Francis}
}

@article{jan1,
  title={Subordinated $\alpha$-stable {O}rnstein--{U}hlenbeck process as a tool for financial data description},
  author={Janczura, Joanna and Orze{\l}, Sebastian and Wy{\l}oma{\'n}ska, Agnieszka},
  journal={Physica A: Statistical Mechanics and its Applications},
  volume={390},
  number={23-24},
  pages={4379--4387},
  year={2011},
  publisher={Elsevier}
}

@article{wyl_ou,
  title={Measures of dependence for {O}rnstein--{U}hlenbeck process with tempered stable distribution.},
  author={Wy{\l}oma{\'n}ska, Agnieszka},
  journal={Acta Physica Polonica B},
  volume={42},
  number={10},
  year={2011}
}

@article{geo_1,
  title={Geometric {B}rownian motion with tempered stable waiting times},
  author={Gajda, Janusz and Wy{\l}oma{\'n}ska, Agnieszka},
  journal={Journal of Statistical Physics},
  volume={148},
  number={2},
  pages={296--305},
  year={2012},
  publisher={Springer}
}

@article{bs,
  title={The pricing of options and corporate liabilities},
  author={Black, Fischer and Scholes, Myron},
  journal={Journal of Political Economy},
  volume={81},
  number={3},
  pages={637--654 \color{red}},
  year={1973},
  publisher={The University of Chicago Press}
}
@article{SGT_scheme,
  title={Instrumental variables estimation with flexible distributions},
  author={Hansen, Christian and McDonald, James B and Newey, Whitney K},
  journal={Journal of Business \& Economic Statistics},
  volume={28},
  number={1},
  pages={13--25},
  year={2010},
  publisher={Taylor \& Francis}
}


@article{chec,
  title={Brownian yet non-{G}aussian diffusion: from superstatistics to subordination of diffusing diffusivities},
  author={Chechkin, Aleksei V and Seno, Flavio and Metzler, Ralf and Sokolov, Igor M},
  journal={Physical Review X},
  volume={7},
  number={2},
  pages={021002 \color{black}},
  year={2017},
  publisher={APS}
}

@article{arc,
  title={The explicit solution and precise distribution of {CKLS} model under {G}irsanov transform},
  author={Lan, Guangqiang and Hu, Yunjiao and Zhang, Chong},
  journal={arXiv preprint arXiv:1410.2364 \color{black}},
  year={2014}
}

@book{mao,
  title={Stochastic differential equations and applications},
  author={Mao, Xuerong},
  year={2007},
  publisher={Elsevier}
}

@article{merton,
  title={Theory of rational option pricing},
  author={Merton, Robert C},
  journal={The Bell Journal of economics and management science},
  pages={141--183},
  year={1973},
  publisher={JSTOR}
}

@article{cir_sr,
  title={A theory of the term structure of interest rates},
  author={Cox, John C and Ingersoll Jr, Jonathan E and Ross, Stephen A},
  journal={Enonometrica},
  pages={141--183},
  year={1984},
  number={53}
}

@article{dothan,
  title={On the term structure of interest rates},
  author={Dothan, L Uri},
  journal={Journal of Financial Economics},
  volume={6},
  number={1},
  pages={59--69},
  year={1978},
  publisher={Elsevier}
}

@article{brennan,
  title={An equilibrium model of bond pricing and a test of market efficiency},
  author={Brennan, Michael J and Schwartz, Eduardo S},
  journal={Journal of Financial and quantitative analysis},
  volume={17},
  number={3},
  pages={301--329},
  year={1982},
  publisher={Cambridge University Press}
}

@article{cir_vr,
  title={An analysis of variable rate loan contracts},
  author={Cox, John C and Ingersoll Jr, Jonathan E and Ross, Stephen A},
  journal={The Journal of Finance},
  volume={35},
  number={2},
  pages={389--403},
  year={1980},
  publisher={Wiley Online Library}
}

@article{cev,
  title={Notes on option pricing {I}: {C}onstant elasticity of variance diffusions},
  author={Cox, John},
  journal={Working paper, Stanford University, Graduate School of Business},
  year={1975}
}
@article{alan1989discrete,
  title={Discrete-time signal processing},
  author={Oppenheim, Alena V  and Schafer, Ronald W  and Buck, John R},
  journal={New Jersey, Printice Hall Inc},
  year={1999}
}
@article{zak2017measures,
  title={Measures of Dependence for alpha-Stable Distributed Processes and Its Application to Diagnostics of Local Damage in Presence of Impulsive Noise},
  author={Zak, Grzegorz and Teuerle, Marek and Wylomanska, Agnieszka and Zimroz, Radoslaw},
  journal={SHOCK AND VIBRATION},
  year={2017},
  volume={2017},
  pages={1-9},
  publisher={HINDAWI LTD ADAM HOUSE, 3RD FLR, 1 FITZROY SQ, LONDON, W1T 5HF, ENGLAND}
}
@article{antoni2007cyclic,
  title={Cyclic spectral analysis of rolling-element bearing signals: facts and fictions},
  author={Antoni, Jerome},
  journal={Journal of Sound and vibration},
  volume={304},
  number={3},
  pages={497--529},
  year={2007},
  publisher={Elsevier}
}
@book{hurd2007periodically,
  title={Periodically correlated random sequences: Spectral theory and practice},
  author={Hurd, Harry L and Miamee, Abolghassem},
  volume={355},
  year={2007},
  publisher={John Wiley \& Sons}
}
@article{wylomanska2008spectral,
  title={Spectral measures of PARMA sequences},
  author={Wy{\l}oma{\'n}ska, Agnieszka},
  journal={Journal of Time Series Analysis},
  volume={29},
  number={1},
  pages={1--13},
  year={2008},
  publisher={Wiley Online Library}
}
@article{gardner2006cyclostationarity,
  title={Cyclostationarity: Half a century of research},
  author={Gardner, William A and Napolitano, Antonio and Paura, Luigi},
  journal={Signal processing},
  volume={86},
  number={4},
  pages={639--697},
  year={2006},
  publisher={Elsevier}
}
@article{napolitano2016cyclostationarity,
  title={Cyclostationarity: New trends and applications},
  author={Napolitano, Antonio},
  journal={Signal Processing},
  volume={120},
  pages={385--408},
  year={2016},
  publisher={Elsevier}
}
@article{randall2001relationship,
  title={The relationship between spectral correlation and envelope analysis in the diagnostics of bearing faults and other cyclostationary machine signals},
  author={Randall, Robert B and Antoni, J{\'e}r{\^o}me and Chobsaard, S},
  journal={Mechanical systems and signal processing},
  volume={15},
  number={5},
  pages={945--962},
  year={2001},
  publisher={Elsevier}
}
@article{capdessus2000cyclostationary,
  title={Cyclostationary processes: application in gear faults early diagnosis},
  author={Capdessus, C and Sidahmed, M and Lacoume, JL},
  journal={Mechanical systems and signal processing},
  volume={14},
  number={3},
  pages={371--385},
  year={2000},
  publisher={Elsevier}
}
@article{wu1996blind,
  title={Blind adaptive beamforming for cyclostationary signals},
  author={Wu, Qiang and Wong, Kon Max},
  journal={IEEE Transactions on Signal Processing},
  volume={44},
  number={11},
  pages={2757--2767},
  year={1996},
  publisher={IEEE}
}

@article{nowicka2006dependence,
  title={The dependence structure for PARMA models with alpha-stable innovations},
  author={Nowicka-Zagrajek, Joanna and Wylomanska, Agnieszka},
  journal={Acta Physica Polonica},
  year={2006},
  pages={3071-3081},
  volume={37},
  number={1}
}
@book{stable,
  title={Stable Non-Gaussian Random Processes: Stochastic Models with Infinite Variance},
  author={Samorodnitsky, G and Taqqu, MS},
  year={1994},
  publisher={Chapman and Hall}
}
@article{rosadi2009testing,
  title={Testing for independence in heavy-tailed time series using the codifference function},
  author={Rosadi, Dedi},
  journal={Computational Statistics \& Data Analysis},
  volume={53},
  number={12},
  pages={4516--4529},
  year={2009},
  publisher={Elsevier}
}
@article{wylomanska2015codifference,
  title={Codifference as a practical tool to measure interdependence},
  author={Wy{\l}oma{\'n}ska, Agnieszka and Chechkin, Aleksei and Gajda, Janusz and Sokolov, Igor M},
  journal={Physica A: Statistical Mechanics and its Applications},
  volume={421},
  pages={412--429},
  year={2015},
  publisher={Elsevier}
}
@article{kruczek2017modified,
  title={The modified Yule-Walker method for $\alpha$-stable time series models},
  author={Kruczek, Piotr and Wy{\l}oma{\'n}ska, Agnieszka and Teuerle, Marek and Gajda, Janusz},
  journal={Physica A: Statistical Mechanics and its Applications},
  volume={469},
  pages={588--603},
  year={2017},
  publisher={Elsevier}
}
@article{broszkiewicz2004detecting,
  title={On detecting and modeling periodic correlation in financial data},
  author={Broszkiewicz-Suwaj, Ewa and Makagon, Andrzej and Weron, Rafal and Wy{\l}oma{\'n}ska, Agnieszka},
  journal={Physica A: Statistical Mechanics and its Applications},
  volume={336},
  number={1-2},
  pages={196--205},
  year={2004},
  publisher={Elsevier}
}
@book{brockwell2016introduction,
  title={Introduction to time series and forecasting},
  author={Brockwell, Peter J and Davis, Richard A},
  year={2016},
  publisher={springer}
}
@article{gladyshev,
title={Periodically correlated random sequences},
author={E. G. Gladyshev},
journal={Sov. Math.},
year={1961},
volume={2},
pages={385--388}
}
@article{vecchia1985periodic,
  title={PERIODIC AUTOREGRESSIVE-MOVING AVERAGE (PARMA) MODELING WITH APPLICATIONS TO WATER RESOURCES 1},
  author={Vecchia, AV},
  journal={JAWRA Journal of the American Water Resources Association},
  volume={21},
  number={5},
  pages={721--730},
  year={1985},
  publisher={Wiley Online Library}
}
@article{makagon2004bounded,
  title={Bounded solutions for ARMA model with varying coefficients},
  author={Makagon, A and Weron, A and Wy{\l}oma{\'n}ska, A},
  journal={Applicationes Mathematicae},
  volume={31},
  pages={273--285},
  year={2004},
  publisher={Instytut Matematyczny Polskiej Akademii Nauk}
}
@article{levy1924theorie,
  title={Th{\'e}orie des erreurs. La loi de Gauss et les lois exceptionnelles},
  author={L{\'e}vy, Paul},
  journal={Bulletin de la Soci{\'e}t{\'e} math{\'e}matique de France},
  volume={52},
  pages={49--85},
  year={1924}
}
@article{khinchine1936lois,
  title={Sur les lois stables},
  author={Khinchine, Alexander Ya and L{\'e}vy, Paul},
  journal={CR Acad. Sci. Paris},
  volume={202},
  pages={374--376},
  year={1936}
}
@article{cambanis1980some,
  title={Some Path Properties of $ p $ th Order and Symmetric Stable Processes},
  author={Cambanis, Stamatis and Miller, Grady and others},
  journal={The Annals of Probability},
  volume={8},
  number={6},
  pages={1148--1156},
  year={1980},
  publisher={Institute of Mathematical Statistics}
}
@article{rosadi2011estimating,
  title={Estimating the codifference function of linear time series models with infinite variance},
  author={Rosadi, Dedi and Deistler, Manfred},
  journal={Metrika},
  volume={73},
  number={3},
  pages={395--429},
  year={2011},
  publisher={Springer}
}
@article{slkezak2019codifference,
  title={Codifference can detect ergodicity breaking and non-Gaussianity},
  author={Slezak, Jakub and Metzler, Ralf and Magdziarz, Marcin},
  journal={New Journal of Physics},
  volume={21},
  number={5},
  pages={053008},
  year={2019},
  publisher={IOP Publishing}
}
@article{levy2014asymptotic,
  title={The asymptotic codifference and covariation of log-fractional stable noise},
  author={Levy, Joshua B and Taqqu, Murad S},
  journal={Journal of econometrics},
  volume={181},
  number={1},
  pages={34--43},
  year={2014},
  publisher={Elsevier}
}
@article{rosinski1997equivalence,
  title={The equivalence of ergodicity and weak mixing for infinitely divisible processes},
  author={Rosi{\'n}ski, Jan and {\.Z}ak, Tomasz},
  journal={Journal of Theoretical Probability},
  volume={10},
  number={1},
  pages={73--86},
  year={1997},
  publisher={Springer}
}
@article{petropulu2000power,
  title={Power-law shot noise and its relationship to long-memory/spl alpha/-stable processes},
  author={Petropulu, Athina P and Pesquet, J-C and Yang, Xueshi},
  journal={IEEE Transactions on Signal Processing},
  volume={48},
  number={7},
  pages={1883--1892},
  year={2000},
  publisher={IEEE}
}
@article{antoni2004cyclostationary,
  title={Cyclostationary modelling of rotating machine vibration signals},
  author={Antoni, J{\'e}r{\^o}me and Bonnardot, Fr{\'e}d{\'e}ric and Raad, A and El Badaoui, Mohamed},
  journal={Mechanical systems and signal processing},
  volume={18},
  number={6},
  pages={1285--1314},
  year={2004},
  publisher={Elsevier}
}
@article{kruczek2019multiple,
  title={Multiple local damage detection in gearbox by novel coherent bi-frequency map and its spatial, cycle oriented enhancement},
  author={Kruczek, Piotr and Obuchowski, Jakub and Wylomanska, Agnieszka and Zimroz, Radoslaw},
  journal={Applied Acoustics},
  volume={144},
  pages={23--30},
  year={2019},
  publisher={Elsevier}
}
@article{yan2007development,
  title={Development in vibration-based structural damage detection technique},
  author={Yan, YJ and Cheng, L and Wu, ZY and Yam, LH},
  journal={Mechanical systems and signal processing},
  volume={21},
  number={5},
  pages={2198--2211},
  year={2007},
  publisher={Elsevier}
}
@article{randall2011rolling,
  title={Rolling element bearing diagnosticsâ€”A tutorial},
  author={Randall, Robert B and Antoni, Jerome},
  journal={Mechanical systems and signal processing},
  volume={25},
  number={2},
  pages={485--520},
  year={2011},
  publisher={Elsevier}
}
@book{randall2011vibration,
  title={Vibration-based condition monitoring: industrial, aerospace and automotive applications},
  author={Randall, Robert Bond},
  year={2011},
  publisher={John Wiley \& Sons}
}
@article{wylomanska2016impulsive,
  title={Impulsive noise cancellation method for copper ore crusher vibration signals enhancement},
  author={Wy{\l}oma{\'n}ska, Agnieszka and Zimroz, Rados{\l}aw and Janczura, Joanna and Obuchowski, Jakub},
  journal={IEEE Transactions on Industrial Electronics},
  volume={63},
  number={9},
  pages={5612--5621},
  year={2016},
  publisher={IEEE}
}
@article{borghesani2017cs2,
  title={CS2 analysis in presence of non-Gaussian background noise--Effect on traditional estimators and resilience of log-envelope indicators},
  author={Borghesani, P and Antoni, J},
  journal={Mechanical Systems and Signal Processing},
  volume={90},
  pages={378--398},
  year={2017},
  publisher={Elsevier}
}
@article{zak2014application,
  title={Application of ARMA modelling and alpha-stable distribution for local damage detection in bearings},
  author={{\.Z}ak, Grzegorz and Obuchowski, Jakub and Wy{\l}oma{\'n}ska, Agnieszka and Zimroz, Rados{\l}aw},
  journal={Diagnostyka},
  pages={3--10},
  volume={15},
  year={2014}
}
@article{obuchowski20151589,
  title={Identification of cyclic components in presence of non-Gaussian noise--application to crusher bearings damage detection},
  author={Obuchowski, Jakub and Zimroz, Radoslaw and Wylomanska, Agnieszka},
  journal={Journal of Vibroengineering},
  volume={17},
  number={3},
  pages={2987--3002},
  year={2015}
}
@article{zak2017alpha,
  title={Alpha-stable distribution based methods in the analysis of the crusher vibration signals for fault detection},
  author={Zak, Grzegorz and Wylomanska, Agnieszka and Zimroz, Radosaw},
  journal={IFAC-PapersOnLine},
  volume={50},
  number={1},
  pages={4696--4701},
  year={2017},
  publisher={Elsevier}
}
@article{zak2014novel,
  title={Novel 2D representation of vibration for local damage detection},
  author={{\.Z}ak, Grzegorz and Obuchowski, Jakub and Wy{\l}oma{\'n}ska, Agnieszka and Zimroz, Rados{\l}aw},
  journal={Mining Science},
  volume={21},
  pages={105--113},
  year={2014}
}
@article{kluppelberg1993spectral,
  title={Spectral estimates and stable processes},
  author={Kl{\"u}ppelberg, Claudia and Mikosch, Thomas},
  journal={Stochastic processes and their Applications},
  volume={47},
  number={2},
  pages={323--344},
  year={1993},
  publisher={Elsevier}
}
@article{auto_aga,
  title={The sample autocorrelations of heavy-tailed processes with applications to ARCH},
  author={Davis, Richard A and Mikosch, Thomas and others},
  journal={The Annals of Statistics},
  volume={26},
  number={5},
  pages={2049--2080},
  year={1998},
  publisher={Institute of Mathematical Statistics}
}
@article{local_new,
  title={Using vibration monitoring for local fault detection on gears operating under fluctuating load conditions},
  author={Stander, CJ and Heyns, PS and Schoombie, W},
  journal={Mechanical Systems and Signal Processing},
  volume={16},
  number={6},
  pages={1005--1024},
  year={2002},
  publisher={Elsevier}
}
@article{kodia2014estimation,
  title={Estimation and comparison of signed symmetric covariation coefficient and generalized association parameter for alpha-stable dependence modeling},
  author={Kodia, Bern{\'e}dy and Garel, Bernard},
  journal={Communications in Statistics-Theory and Methods},
  volume={43},
  number={24},
  pages={5156--5174},
  year={2014},
  publisher={Taylor \& Francis}
}
@article{damarackas2014properties,
  title={Properties of spectral covariance for linear processes with infinite variance},
  author={Damarackas, Julius and Paulauskas, Vygantas},
  journal={Lithuanian Mathematical Journal},
  volume={54},
  number={3},
  pages={252--276},
  year={2014},
  publisher={Springer}
}
@article{garel2009signed,
  title={Signed symmetric covariation coefficient for alpha-stable dependence modeling},
  author={Garel, Bernard and Kodia, Bern{\'e}dy},
  journal={Comptes Rendus Mathematique},
  volume={347},
  number={5-6},
  pages={315--320},
  year={2009},
  publisher={Elsevier}
}
@article{ma1996joint,
  title={Joint estimation of time delay and frequency delay in impulsive noise using fractional lower order statistics},
  author={Ma, Xinyu and Nikias, Chrysostomos L},
  journal={IEEE Transactions on Signal Processing},
  volume={44},
  number={11},
  pages={2669--2687},
  year={1996},
  publisher={IEEE}
}
@article{cambnnis1981linear,
  title={Linear problems in pth order and stable processes. SIAM 1},
  author={Cambanis, S and Miller, G},
  journal={Appl. Math},
  volume={41},
  pages={43--69},
  year={1981}
}
@article{miller1978properties,
  title={Properties of certain symmetric stable distributions},
  author={Miller, Grady},
  journal={Journal of Multivariate Analysis},
  volume={8},
  number={3},
  pages={346--360},
  year={1978},
  publisher={Elsevier}
}
@article{cambanis_soltani,
  title={Prediction of stable processes: spectral and moving average representations},
  author={Cambanis, Stamatis and Soltani, A Reza},
  journal={Zeitschrift f{\"u}r Wahrscheinlichkeitstheorie und verwandte Gebiete},
  volume={66},
  number={4},
  pages={593--612},
  year={1984},
  publisher={Springer}
}
@article{klup1994,
  title={Some limit theory for the self-normalised periodogram of stable processes},
  author={Kl{\"u}ppelberg, Claudia and Mikosch, Thomas},
  journal={Scandinavian Journal of Statistics},
  pages={485--491},
  year={1994},
  publisher={JSTOR}
}
@article{klup1995,
  title={Parameter estimation for ARMA models with infinite variance innovations},
  author={Mikosch, Thomas and Gadrich, Tamar and Kluppelberg, Claudia and Adler, Robert J},
  journal={The Annals of Statistics},
  pages={305--326},
  year={1995},
  publisher={JSTOR}
}
@article{klup1996,
  title={The integrated periodogram for stable processes},
  author={Kl{\"u}ppelberg, Claudia and Mikosch, Thomas and others},
  journal={The Annals of Statistics},
  volume={24},
  number={5},
  pages={1855--1879},
  year={1996},
  publisher={Institute of Mathematical Statistics}
}
@article{makagon_mandrekar1990,
  title={The spectral representation of stable processes: harmonizability and regularity},
  author={Makagon, A and Mandrekar, V},
  journal={Probability theory and related fields},
  volume={85},
  number={1},
  pages={1--11},
  year={1990},
  publisher={Springer}
}
@article{spec1,
  title={Spectral representation of some non stationary alpha-stable processes},
  author={Azzaoui, Nourddine},
  journal={arXiv preprint arXiv:0802.2998},
  year={2008}
}
@article{spec2,
  title={On the spectral representation of symmetric stable processes},
  author={Hardin Jr, Clyde D},
  journal={Journal of Multivariate Analysis},
  volume={12},
  number={3},
  pages={385--401},
  year={1982},
  publisher={Elsevier}
}
@article{spec3,
  title={Spectral analysis of stable processes on the positive half-line},
  author={Kuznetsov, Alexey and Kwa{\'s}nicki, Mateusz and others},
  journal={Electronic Journal of Probability},
  volume={23},
  year={2018},
  publisher={The Institute of Mathematical Statistics and the Bernoulli Society}
}
@article{s_tans,
  title={Applications of fractional lower order S transform time frequency filtering algorithm to machine fault diagnosis},
  author={Long, Junbo and Wang, Haibin and Zha, Daifeng and Li, Peng and Xie, Huicheng and Mao, Lili},
  journal={PloS one},
  volume={12},
  number={4},
  year={2017},
  publisher={Public Library of Science}
}
@article{power1,
  title={Spectral analysis of signals},
  author={Stoica, Petre and Moses, Randolph L and others},
  year={2005},
  publisher={Pearson Prentice Hall Upper Saddle River, NJ}
}
@article{power2,
  title={The use of fast Fourier transform for the estimation of power spectra: a method based on time averaging over short, modified periodograms},
  author={Welch, Peter},
  journal={IEEE Transactions on audio and electroacoustics},
  volume={15},
  number={2},
  pages={70--73},
  year={1967},
  publisher={IEEE}
}
@book{wienerth,
  title={A handbook of Fourier theorems},
  author={Champeney, David C},
  year={1989},
  publisher={Cambridge University Press}
}
@article{wiener2,
author = {Leibovich, Nava and Barkai, Eli},
year = {2015},
issue = {8},
title = {Aging {W}iener-{K}hinchin {T}heorem},
volume = {115},
journal = {Physical Review Letters}
}
@article{pp3,
	title = "Spectral estimates and stable processes",
	journal = "Stochastic Processes and their Applications",
	volume = "47",
	number = "2",
	pages = "323--344",
	year = "1993",
	author = "Claudia Kl{\"u}ppelberg and Thomas Mikosch"
}
@article{stft1,
  title={On symmetric alpha-stable noise after short-time fourier transformation},
  author={Socheleau, Francois-Xavier and Pastor, Dominique and Duret, Mathieu},
  journal={IEEE Signal Processing Letters},
  volume={20},
  number={5},
  pages={455--458},
  year={2013},
  publisher={IEEE}
}
@article{stft2,
  title={Improved time difference of arrival estimation algorithms for cyclostationary signals in $\alpha$-stable impulsive noise},
  author={Liu, Yang and Zhang, Yinghui and Qiu, Tianshuang and Gao, Jing and Na, Shun},
  journal={Digital Signal Processing},
  volume={76},
  pages={94--105},
  year={2018},
  publisher={Elsevier}
}
@article{stft3,
  title={Time-difference-of-arrival estimation algorithms for cyclostationary signals in impulsive noise},
  author={Liu, Yang and Qiu, Tianshuang and Sheng, Hu},
  journal={Signal Processing},
  volume={92},
  number={9},
  pages={2238--2247},
  year={2012},
  publisher={Elsevier}
}
@phdthesis{spooner1992theory,
  title={Theory and application of higher-order cyclostationarity.},
  author={Spooner, Chad Michael},
  year={1992},
  school={University of California, Davis.}
}
@techreport{gardner1994cyclostationarity,
  title={Cyclostationarity in communications and signal processing},
  author={Gardner, William A},
  year={1994},
  institution={STATISTICAL SIGNAL PROCESSING INC YOUNTVILLE CA}
}
@article{hamlington2011reconstructing,
  title={Reconstructing sea level using cyclostationary empirical orthogonal functions},
  author={Hamlington, BD and Leben, RR and Nerem, RS and Han, W and Kim, K-Y},
  journal={Journal of Geophysical Research: Oceans},
  volume={116},
  number={C12},
  year={2011},
  publisher={Wiley Online Library}
}
@article{gardner1991exploitation,
  title={Exploitation of spectral redundancy in cyclostationary signals},
  author={Gardner, William A},
  journal={IEEE Signal processing magazine},
  volume={8},
  number={2},
  pages={14--36},
  year={1991},
  publisher={IEEE}
}
@article{gardner1978stationarizable,
  title={Stationarizable random processes},
  author={Gardner, W},
  journal={IEEE Transactions on information theory},
  volume={24},
  number={1},
  pages={8--22},
  year={1978},
  publisher={IEEE}
}

@article{roberts1991computationally,
  title={Computationally efficient algorithms for cyclic spectral analysis},
  author={Roberts, Randy S and Brown, William A and Loomis, Herschel H},
  journal={IEEE Signal Processing Magazine},
  volume={8},
  number={2},
  pages={38--49},
  year={1991},
  publisher={IEEE}
}
@article{spooner1994cumulant,
  title={The cumulant theory of cyclostationary time-series. II. Development and applications},
  author={Spooner, Chad M and Gardner, William A},
  journal={IEEE Transactions on Signal Processing},
  volume={42},
  number={12},
  pages={3409--3429},
  year={1994},
  publisher={IEEE}
}
@article{antoni2007cyclic2,
  title={Cyclic spectral analysis in practice},
  author={Antoni, J{\'e}r{\^o}me},
  journal={Mechanical Systems and Signal Processing},
  volume={21},
  number={2},
  pages={597--630},
  year={2007},
  publisher={Elsevier}
}
@article{antoni2017fast,
  title={Fast computation of the spectral correlation},
  author={Antoni, J{\'e}r{\^o}me and Xin, Ge and Hamzaoui, Nacer},
  journal={Mechanical Systems and Signal Processing},
  volume={92},
  pages={248--277},
  year={2017},
  publisher={Elsevier}
}
@article{borghesani2018faster,
  title={A faster algorithm for the calculation of the fast spectral correlation},
  author={Borghesani, P and Antoni, J},
  journal={Mechanical Systems and Signal Processing},
  volume={111},
  pages={113--118},
  year={2018},
  publisher={Elsevier}
}
@article{weron1985,
  title={Harmonizable stable processes on groups: spectral, ergodic and interpolation properties},
  author={Weron, Aleksander},
  journal={Zeitschrift f{\"u}r Wahrscheinlichkeitstheorie und Verwandte Gebiete},
  volume={68},
  number={4},
  pages={473--491},
  year={1985},
  publisher={Springer}
}
@article{kruczek2020detect,
  title={How to detect the cyclostationarity in heavy-tailed distributed signals},
  author={Kruczek, Piotr and Zimroz, Rados{\l}aw and Wy{\l}oma{\'n}ska, Agnieszka},
  journal={Signal Processing},
  volume={172},
  pages={107514},
  year={2020},
  publisher={Elsevier}
}
@article{liu2018improved,
  title={Improved time difference of arrival estimation algorithms for cyclostationary signals in $\alpha$-stable impulsive noise},
  author={Liu, Yang and Zhang, Yinghui and Qiu, Tianshuang and Gao, Jing and Na, Shun},
  journal={Digital Signal Processing},
  volume={76},
  pages={94--105},
  year={2018},
  publisher={Elsevier}
}
@article{obuchowski2014local,
  title={The local maxima method for enhancement of time--frequency map and its application to local damage detection in rotating machines},
  author={Obuchowski, Jakub and Wy{\l}oma{\'n}ska, Agnieszka and Zimroz, Rados{\l}aw},
  journal={Mechanical Systems and Signal Processing},
  volume={46},
  number={2},
  pages={389--405},
  year={2014},
  publisher={Elsevier}
}
@article{wodecki2019novel,
  title={Novel method of informative frequency band selection for vibration signal using Nonnegative Matrix Factorization of spectrogram matrix},
  author={Wodecki, Jacek and Kruczek, Piotr and Bartkowiak, Anna and Zimroz, Radoslaw and Wy{\l}oma{\'n}ska, Agnieszka},
  journal={Mechanical Systems and Signal Processing},
  volume={130},
  pages={585--596},
  year={2019},
  publisher={Elsevier}
}
@article{mcleod1993parsimony,
  title={Parsimony, model adequacy and periodic correlation in time series forecasting},
  author={McLeod, A Ian},
  journal={International Statistical Review/Revue Internationale de Statistique},
  pages={387--393},
  year={1993},
  publisher={JSTOR}
}
@article{lund2000recursive,
  title={Recursive prediction and likelihood evaluation for periodic ARMA models},
  author={Lund, Robert and Basawa, IV},
  journal={Journal of Time Series Analysis},
  volume={21},
  number={1},
  pages={75--93},
  year={2000},
  publisher={Wiley Online Library}
}
@book{ghysels2001econometric,
  title={The econometric analysis of seasonal time series},
  author={Ghysels, Eric and Osborn, Denise R and Sargent, Thomas J},
  year={2001},
  publisher={Cambridge University Press}
}
@article{antoni2006spectral,
  title={The spectral kurtosis: a useful tool for characterising non-stationary signals},
  author={Antoni, Jerome},
  journal={Mechanical Systems and Signal Processing},
  volume={20},
  number={2},
  pages={282--307},
  year={2006},

}
@article{barszcz2011novel,
  title={A novel method for the optimal band selection for vibration signal demodulation and comparison with the Kurtogram},
  author={Barszcz, Tomasz and Jablonski, Adam},
  journal={Mechanical Systems and Signal Processing},
  volume={25},
  number={1},
  pages={431--451},
  year={2011},

}
@article{antoni2016infogram,
  title={The infogram: Entropic evidence of the signature of repetitive transients},
  author={Antoni, Jerome},
  journal={Mechanical Systems and Signal Processing},
  volume={74},
  pages={73--94},
  year={2016},

}
@book{boashash2015time,
  title={Time--frequency signal analysis and processing: a comprehensive reference},
  author={Boashash, Boualem},
  year={2015},
  publisher={Academic Press}
}
@book{dutoit2010applied,
  title={Applied Signal Processing: A MATLABTM-based proof of concept},
  author={Dutoit, Thierry and Marques, Ferran},
  year={2010},
  publisher={Springer Science \& Business Media}
}